@article{orru2013genetic,
  title={Genetic variants regulating immune cell levels in health and disease},
  author={Orr{\`u}, Valeria and Steri, Maristella and Sole, Gabriella and Sidore, Carlo and Virdis, Francesca and Dei, Mariano and Lai, Sandra and Zoledziewska, Magdalena and Busonero, Fabio and Mulas, Antonella and others},
  journal={Cell},
  volume={155},
  number={1},
  pages={242--256},
  year={2013},
  publisher={Elsevier}
}