@article{lek2016analysis,
  title={Analysis of protein-coding genetic variation in 60,706 humans},
  author={Lek, Monkol and Karczewski, Konrad J and Minikel, Eric V and Samocha, Kaitlin E and Banks, Eric and Fennell, Timothy and O'Donnell-Luria, Anne H and Ware, James S and Hill, Andrew J and Cummings, Beryl B and others},
  journal={Nature},
  volume={536},
  number={7616},
  pages={285},
  year={2016},
  publisher={Nature Publishing Group}
}

@article{phillips2008epistasis,
  title={Epistasis-the essential role of gene interactions in the structure and evolution of genetic systems},
  author={Phillips, Patrick C},
  journal={Nature Reviews Genetics},
  volume={9},
  number={11},
  pages={855},
  year={2008},
  publisher={Nature Publishing Group}
}

@article{vilhjalmsson2015modeling,
  title={Modeling linkage disequilibrium increases accuracy of polygenic risk scores},
  author={Vilhj{\'a}lmsson, Bjarni J and Yang, Jian and Finucane, Hilary K and Gusev, Alexander and Lindstr{\"o}m, Sara and Ripke, Stephan and Genovese, Giulio and Loh, Po-Ru and Bhatia, Gaurav and Do, Ron and others},
  journal={The American Journal of Human Genetics},
  volume={97},
  number={4},
  pages={576--592},
  year={2015},
  publisher={Elsevier}
}

@article{wellcome2007genome,
  title={Genome-wide association study of 14,000 cases of seven common diseases and 3,000 shared controls},
  author={Wellcome Trust Case Control Consortium and others},
  journal={Nature},
  volume={447},
  number={7145},
  pages={661},
  year={2007},
  publisher={Nature Publishing Group}
}

@article{kettunen2016genome,
  title={Genome-wide study for circulating metabolites identifies 62 loci and reveals novel systemic effects of LPA},
  author={Kettunen, Johannes and Demirkan, Ay{\c{s}}e and W{\"u}rtz, Peter and Draisma, Harmen HM and Haller, Toomas and Rawal, Rajesh and Vaarhorst, Anika and Kangas, Antti J and Lyytik{\"a}inen, Leo-Pekka and Pirinen, Matti and others},
  journal={Nature communications},
  volume={7},
  pages={11122},
  year={2016},
  publisher={Nature Publishing Group}
}

@article{astle2016allelic,
  title={The allelic landscape of human blood cell trait variation and links to common complex disease},
  author={Astle, William J and Elding, Heather and Jiang, Tao and Allen, Dave and Ruklisa, Dace and Mann, Alice L and Mead, Daniel and Bouman, Heleen and Riveros-Mckay, Fernando and Kostadima, Myrto A and others},
  journal={Cell},
  volume={167},
  number={5},
  pages={1415--1429},
  year={2016},
  publisher={Elsevier}
}

@article{manning2012genome,
  title={A genome-wide approach accounting for body mass index identifies genetic variants influencing fasting glycemic traits and insulin resistance},
  author={Manning, Alisa K and Hivert, Marie-France and Scott, Robert A and Grimsby, Jonna L and Bouatia-Naji, Nabila and Chen, Han and Rybin, Denis and Liu, Ching-Ti and Bielak, Lawrence F and Prokopenko, Inga and others},
  journal={Nature genetics},
  volume={44},
  number={6},
  pages={659},
  year={2012},
  publisher={Nature Publishing Group}
}

@article{prins2017genome,
  title={Genome-wide analysis of health-related biomarkers in the UK Household Longitudinal Study reveals novel associations},
  author={Prins, Bram P and Kuchenbaecker, Karoline B and Bao, Yanchun and Smart, Melissa and Zabaneh, Delilah and Fatemifar, Ghazaleh and Luan, Jian'an and Wareham, Nick J and Scott, Robert A and Perry, John RB and others},
  journal={Scientific reports},
  volume={7},
  number={1},
  pages={11008},
  year={2017},
  publisher={Nature Publishing Group}
}

@article{yoshida2011association,
  title={Association of polymorphisms of BTN2A1 and ILF3 with myocardial infarction in Japanese individuals with different lipid profiles},
  author={Yoshida, Tetsuro and Kato, Kimihiko and Oguri, Mitsutoshi and Horibe, Hideki and Kawamiya, Toshiki and Yokoi, Kiyoshi and Fujimaki, Tetsuo and Watanabe, Sachiro and Satoh, Kei and Aoyagi, Yukitoshi and others},
  journal={Molecular medicine reports},
  volume={4},
  number={3},
  pages={511--518},
  year={2011},
  publisher={Spandidos Publications}
}
